

@book{buhlmann2011statistics,
  title={Statistics for high-dimensional data: methods, theory and applications},
  author={B{\"u}hlmann, P. and Van De Geer, S.},
  year={2011},
  publisher={Springer Science \& Business Media}
}



@book{chen2017,
  title={Monte-Carlo Simulation-Based Statistical Modeling},
  author={Chen,D. and  Chen, J.},
  year={2017},
  publisher={Springer}
}




@book{casella2010,
  title={Introducing Monte Carlo Methods with R},
  author={Robert, C. and Casella, R.},
  year={2010},
  publisher={Springer}
}





@book{kimball,
  title={The Data Warehouse ETL Toolkit: Practical Techniques for Extracting, Cleaning, Conforming, and Delivering Data},
  author={ Kimball, R. and Caserta, J.},
  year={2011},
  publisher={Wiley}
}





@book{maronna2021,
  title={Probabilidad y estadística elementales para estudiantes de ciencias},
  author={ Maronna, Ricardo},
  year={2021},
  publisher={Editorial Exacta}
}





@book{devroye1996,
  title={A Probabilistic Theory of Pattern Recognition},
  author={L. Devroye and  L. Gyorfi and G. Lugosi,},
  year={1996},
  publisher={Springer}
}





@book{sadin,
  title={La humanidad aumentada},
  author={Sadin, E.},
  year={2017},
  publisher={Caja Negra}
}







@Book{ Cuadras,
 author    = { Cuadras, C. M.},
  title     = { Nuevos Métodos de Análisis Multivariante },
  publisher = { CMC Editions Barcelona},
  year      = {2020}, 
}



@Book{Penia,
 author        = {Pe\~na, D.}
  title         = {Análisis multivariante de datos},
  publisher     = {McGraw-Hill Interamericana de España S.L.},
  year          = {2002},
 }







@BOOK{mardia,
  author =       {Mardia, K. and Kent, J.  and Bibby, J.},
  title =        {Multivariate Analysis},
  publisher =    {Academic Press},
  year =         {1919},
  }




@article{rudin2019,
  title={Stop explaining black box machine learning models for high stakes decisions and use interpretable models instead},
  author={Rudin, C.},
  journal={Nature Machine Intelligence},	
  volume={1},
  number={5},
  pages={206--215},
  year={2019}
}


@article{sarker2021,
  title={Machine Learning: Algorithms, Real-World Applications and Research Directions},
  author={Sarker, I.H.},
  journal={SN COMPUT. SCI	},	
  volume={2},
  number={160},
   year={2021}
}









@article{zhu2004,
  title={Classification of gene microarrays by penalized logistic regression},
  author={Zhu, J. and Hastie, T. },
  journal={Biostatistics},	
  volume={5},
  number={3},
  pages={427--443},
  year={2004}
}






@article{rudin2019,
  title={Stop explaining black box machine learning models for high stakes decisions and use interpretable models instead},
  author={Rudin, C.},
  journal={Nature Machine Intelligence},	
  volume={1},
  number={5},
  pages={206--215},
  year={2019}
}




@article{gar1965,
  title={The Best Sub-Set in Multiple Regression Analysis},
  author={Garside, M},
  journal={Journal of the Royal Statistical Society. Series C},	
  volume={14},
  number={2},
  pages={196--200},
  year={1965}
}






@article{nibbering2022,
title = {Multiclass-penalized logistic regression},
journal = {Computational Statistics \& Data Analysis},
volume = {169},
pages = {107414},
year = {2022},
issn = {0167-9473},
doi = {https://doi.org/10.1016/j.csda.2021.107414},
url = {https://www.sciencedirect.com/science/article/pii/S0167947321002486},
author = {Didier Nibbering and Trevor J. Hastie},
}




@article{tibshi1996,
title = {Regression shrinkage and selection via the lasso},
journal = {Journal of the Royal Statistical Society. Series A. },
volume = {169},
pages = {267--288},
year = {1996},
author = {Tibshirani, R. },
}



@article{vincent2014,
title = {Sparse group lasso and high dimensional multinomial classification},
journal = {Computational Statistics \& Data Analysis},
volume = {71},
pages = {771-786},
year = {2014},
author = {Martin Vincent and Niels Richard Hansen},
keywords = {Sparse group lasso, Classification, High dimensional data analysis, Coordinate gradient descent, Penalized loss},
}




@article{yuan2006,
    author = {Yuan, Ming and Lin, Yi},
    title = "{Model Selection and Estimation in Regression with Grouped Variables}",
    journal = {Journal of the Royal Statistical Society Series B: Statistical Methodology},
    volume = {68},
    number = {1},
    pages = {49--67},
    year = {2006},
   }



@article{meier2008,
    author = {Meier, L. and van de Geer, S. and Buhlmann, P.},
    title = "{The group lasso for logistic regression}",
    journal = {Journal of the Royal Statistical Society Series B: Statistical Methodology},
    volume = {70},
    number = {1},
    pages = {53--71},
    year = {2008},
   }


 






@article{zou2005,
  title={Regularization and variable selection via the elastic net},
  author={Hui Zou and Trevor Hastie},
  journal={J. R. Statist. Soc. B},	
  volume={67},
  pages={301--320},
  year={2005}
}






@article{efron1975,
  title={The Efficiency of Logistic Regression Compared to Normal Discriminant Analysis},
  author={Efron, Bradley},
  journal={Journal of the American Statistical Association},
  volume={70},
  number={352},
  pages={892--898},
  year={1975},
  publisher={American Statistical Associations}
}
 
 



@book{cox1970,
  title={Analysis of Binary Data},
  author={Cox, D. },
  year={1970},
  publisher={Chapman and Hall}
}


@article{dettling,
    author = {Dettling, Marcel},
    title = "{BagBoosting for tumor classification with gene expression data}",
    journal = {Bioinformatics},
    volume = {20},
    number = {18},
    pages = {3583-3593},
    year = {2004},
    month = {10},
  }









@article{efron2004least,
  title={Least angle regression},
  author={Efron, Bradley and Hastie, Trevor and Johnstone, Iain and Tibshirani, Robert and others},
  journal={The Annals of statistics},
  volume={32},
  number={2},
  pages={407--499},
  year={2004},
  publisher={Institute of Mathematical Statistics}
}

 


@article{zou2006,
  title={The adaptive lasso and its oracle properties},
  author={Zou, H.},
  journal={Journal of the American statistical association},
  volume={101},
  number={476},
  pages={1418--1429},
  year={2006}
}








@article{friedman2010,
  title={Regularization Paths for Generalized Linear Models via Coordinate Descent},
  author={Friedman, J. and Hastie, T. and Tibshirani, R.},
  journal={Journal of Statistical Software},
  volume={33},
  number={1},
  pages={1--22},
  year={2010},
  publisher={PMC}
}









@article{zou,
  title={The Adaptive Lasso and Its Oracle Properties},
  author={Zou, H.},
  journal={Journal of the American Statistical Association},
  volume={101},
  number={476},
  pages={1419--1429},
  year={2006},
  publisher={Institute of Mathematical Statistics}
}






@article{tukey,
  title={The Future of Data Analysis},
  author={Tukey, J.},
  journal={The Annals of mathematical statistics},
  volume={33},
  number={1},
  pages={1--67},
  year={1962}
}
 

@article{dono,
  title={50 Years of Data Science},
  author={Donoho, D.},
  journal={Journal of Computational and Graphical Statistics},
volume={26},
number={4},
    pages={745--766},
  year={2017}
}


 



@book{htw,
  title={Statistical learning with sparsity: The lasso and generalization},
  author={Hastie, T. and  Tibshirani, R. and  Wainwright, M. },
  year={2015},
  publisher={Chapman and Hall}
}



 



@book{bishop,
  title={Pattern Recognition and Machine Learning},
  author={Bishop, C.},
  year={2006},
  publisher={Springer}
}




@book{goodf,
  title={Deep Learning},
  author={Goodfellow, I. and Bengio, Y. and Courville, A. },
  year={2016},
  publisher={The MIT Press}
}







@book{htf,
  title={The Elements of  Statistical Learning},
  author={Hastie, T. and  Tibshirani, R. and Friedman, J. },
  year={2009},
  publisher={Springer}
}



@Inbook{bousquet,
author="Bousquet, Olivier
and Boucheron, St{\'e}phane
and Lugosi, G{\'a}bor",
editor="Bousquet, Olivier
and von Luxburg, Ulrike
and R{\"a}tsch, Gunnar",
title="Introduction to Statistical Learning Theory",
bookTitle="Advanced Lectures on Machine Learning: ML Summer Schools 2003, Canberra, Australia, February 2 - 14, 2003, T{\"u}bingen, Germany, August 4 - 16, 2003, Revised Lectures",
year="2004",
publisher="Springer Berlin Heidelberg",
address="Berlin, Heidelberg",
pages="169--207",
abstract="The goal of statistical learning theory is to study, in a statistical framework, the properties of learning algorithms. In particular, most results take the form of so-called error bounds. This tutorial introduces the techniques that are used to obtain such results.",
isbn="978-3-540-28650-9",
doi="10.1007/978-3-540-28650-9_8",
url="https://doi.org/10.1007/978-3-540-28650-9_8"
}





@book{chollet,
  title={Deep Learning with Python},
  author={Chollet, F. },
  year={2021},
  publisher={Manning}
}

 

@book{geron,
  title={Hands-On Machine Learning with Scikit-Learn, Keras, and TensorFlow: Concepts, Tools, and Techniques to Build Intelligent Systems},
  author={Géron, G. },
  year={2022},
  publisher={O Reilly Media}
}

 




@book{charniak,
  title={Introduction to Deep Learning},
  author={Charniak, E. },
  year={2019},
  publisher={Springer}
}








@book{cleve,
  title={The Elements of Graphing Data},
  author={Cleveland, W. },
  year={1985},
  publisher={ Wadsworth }
}


@book{lauritzen1996graphical,
  title={Graphical {M}odels},
  author={Lauritzen, S. },
  year={1996},
  publisher={Oxford University Press}
}



@book{maro,
  title={Robust Statistics: Theory and Methods (with R) },
  author={Maronna, R. and Douglas M. and Yohai,V. and Salibian-Barrera},
  year={2019},
  publisher={Wiley}
}



@book{poura,
  title={High-Dimensional Covariance Estimation},
  author={Pourahmadi, M. },
  year={2013},
  publisher={Wiley}
}

 

@book{neste,
  title={ Introductory Lectures on Convex Optimization},
  author={ Nesterov, Y.},
  year={2004},
  publisher={Kluwer Academic Publishers}
}



@book{giraud,
  title={Introduction to High-Dimensional Statistics},
  author={Giraud, C. },
  year={2014},
  publisher={Chapman and Hall}
}


@book{vanDalen:2004,
	author = { van Dalen, D. },
	edition = {5th},
	isbn = {978-1-4471-4557-8},
	publisher = {Springer},
	series = {Universitext},
	title = {Logic and structure},
	year = {2004}
}


@book{grimmet,
	author = {Grimmett, G. and Stirzaker, D. },
	edition = {4th},
	isbn = {978-0198847595},
	publisher = {Oxford University Pressr}, 
	title = {Probability and Random Processes},
	year = {2020}
}























@article{yuanlin,
  title={Model Selection and Estimation in the Gaussian Graphical Model},
  author={Ming Yuan and Yi Lin},
  journal={Biometrika},
  volume={94},
  number={1},
  pages={19--35},
  year={2007},
  publisher={Oxford University Press }
}




@book{james2021,
  title={An Introduction to Statistical Learning: with Applications in R},
  author={James, G. and  Witten, D. and  Hastie, T. and  Tibshirani, R. },
  year={2021},
  publisher={Springer}
}




@book{anderson,
 title={An Introduction to Multivariate Statistical Analysis},
 author={Anderson, T.W},
 year={2003},
 publisher={John Wiley \& Sons}
}




@book{muirhead,
 title={Aspects of Multivariate Statistical},
 author={Muirhead, Robb},
 year={2005},
 publisher={John Wiley \& Sons}
}





@article{crouxdehon,
  title={Inuence functions of the Spearman and Kendall correlation measures},
  author={Croux, C. and Dehon, C.},
  journal={Statistical methods and applications},
  volume={19},
  pages={497--515},
  year={2010}
}

 


@article{ruizyohaizamar,
  title={Discussion on the paper by David Hand: ``Statistical challenges of administrative andtransaction data''},
  author={Ruiz, M. and Yohai, V. and Zamar, R},
  journal={J. R. Statist. Soc. A },
  volume={181},
  pages={555--605},
  year={2018}
}



@article{maldonado2022,
  title={Assessment of Covariance Selection Methods in High-Dimensional Gaussian Graphical Models},
  author={Maldonado, J. and Ruiz, M.},
  journal={Trends in Computational and Applied Mathematics},
  volume={3},
  pages={583--593},
number={3},
  year={2022}
}



@article{picco2022,
  title={Sparse Estimation of the Precision Matrix and Plug-In Principle in Linear Discriminant Analysis for Hyperspectral Image Classification},
  author={Picco, M. and Ruiz, M.},
  journal={Trends in Computational and Applied Mathematics},
  volume={3},
  pages={595--605},
number={3},
  year={2022}
}





@book{christidisthesis,
 title={A Data-Driven Ensemble Framework for Modeling High-Dimensional Datal},
 author={Christidis, A},
 year={2021},
 publisher={Thesis. UBC, Canada}
}







@article{christidis2020,
  title={Split Regularized Regression},
  author={Christidis, A. and Lakshmanan, L. and  Smucler, E. and Zamar, R },
  journal={Technometrics},
  volume={62},
  pages={330--338},
  year={2020}
}




@article{christidis2021a,
  title={Data-Driven Diverse Logistic Regression Ensembles},
  author={Christidis, A. and Aelst, S. V. and Zamar, R. },
  journal={arXiv:2102.08591},
  pages={1--105},
  year={2021}
}










@article{breiman,
  title={Random forests},
  author={Breiman, L. },
  journal={Machine Learning},
  pages={5--32},
  year={2001}
}


@article{christidis2021b,
  title={Ensembles of Regularized Linear Models},
  author={Christidis, A.  and Lakshmanan, L. and   Smucler, E. and Zamar, R },
  journal={UBC Report},
  pages={1--31},
  year={2021}
}




@article{christidis2018,
  title={ Split regression modeling},
  author={Christidis, A. and Aelst, S. V. and Zamar, R },
  journal={arXiv:1812.05678},
  pages={1--30},
  year={2018}
}





@article{chenetal,
  title={Robust principal component analysis for accurate outlier sample detection in RNA-Seq data},
  author={ Chen, , Xiaoying and Zhang,  Bo and  Wang, Ting  and Bonni, Azad  and  Zhao, Guoyan },
  journal={BMC Bioinformatic},
  volume={21},
  pages={1--21},
  year={2020}
}


@article{bernaletal,
author = {Bernal-Vasquez, Angela-Maria and Utz, H. and Piepho, Hans-Peter},
year = {2016},
month = {04},
pages = {787-804},
title = {Outlier detection methods for generalized lattices: a case study on the transition from ANOVA to REML},
volume = {129},
journal = {TAG. Theoretical and applied genetics. Theoretische und angewandte Genetik},
doi = {10.1007/s00122-016-2666-6}
}






@incollection{ollecroux,
author="{\"O}llerer, Viktoria and Croux, Christophe",
editor="Nordhausen, Klaus
and Taskinen, Sara",
title="Robust High-Dimensional Precision Matrix Estimation",
bookTitle="Modern Nonparametric, Robust and Multivariate Methods: Festschrift in Honour of Hannu Oja",
year="2015",
publisher="Springer International Publishing",
address="Cham",
pages="325--350",
isbn="978-3-319-22404-6",
doi="10.1007/978-3-319-22404-6-19"
}

 

@misc{lafit2022literal,
      title={Robust graphical lasso based on multivariate Winsorization}, 
      author={Ginette Lafit and Francisco Nogales and Marcelo Ruiz and Ruben Zamar},
      year={2022},
      eprint={2201.03659},
      archivePrefix={arXiv},
      primaryClass={stat.ME},
url = "http://arxiv.org/abs/2201.03659"
}




@article{lafit2021,
  title={A Stepwise Approach for High-Dimensional Gaussian Graphical Models},
  author={Ginette Lafit and Francisco Nogales and Marcelo Ruiz and Ruben Zamar},
  journal={ Journal of Data Science, Statistics, and Visualisation },
  volume={1},
  number={2},
  pages={1--24},
  year={2021} 
}





@article{lafit2022,
  title={Robust graphical lasso based on multivariate Winsorization},
  author={Ginette Lafit and Francisco Nogales and Marcelo Ruiz and Ruben Zamar},
  journal={ArXiv (http://arxiv.org/abs/2201.03659) },
  pages={1--33},
  year={2022},
  publisher={Cornell University},
url = "http://arxiv.org/abs/2201.03659"
}




@Manual{care2017,
 title = {care: High-Dimensional Regression and CAR Score Variable Selection},
 author = {Verena Zuber and Korbinian Strimmer.},
 year = {2017},
 note = {R package version 1.1.10}
}


@article{ambroise2009inferring,
  title={Inferring sparse Gaussian graphical models with latent structure},
  author={Ambroise, Christophe and Chiquet, Julien and Matias, Catherine},
  journal={Electronic Journal of Statistics},
  volume={3},
  pages={205--238},
  year={2009},
  publisher={Institute of Mathematical Statistics and Bernoulli Society}
}

@article{hess2006pharmacogenomic,
  title={Pharmacogenomic predictor of sensitivity to preoperative chemotherapy with paclitaxel and fluorouracil, doxorubicin, and cyclophosphamide in breast cancer},
  author={Hess, Kenneth R and Anderson, Keith and Symmans, W Fraser and Valero, Vicente and Ibrahim, Nuhad and Mejia, Jaime A and Booser, Daniel and Theriault, Richard L and Buzdar, Aman U and Dempsey, Peter J and others},
  journal={Journal of clinical oncology},
  volume={24},
  number={26},
  pages={4236--4244},
  year={2006},
  publisher={Citeseer}
}

@article{raymaekers2020handling,
      title={Handling cellwise outliers by sparse regression and robust covariance}, 
      author={Jakob Raymaekers and Peter J. Rousseeuw},
     journal={Journal of Data Science, Statistics, and Visualisation},
  volume={1},
  number={3},
  pages={1--30},
  year={2022}
}





@article{natowicz2008prediction,
  title={Prediction of the outcome of preoperative chemotherapy in breast cancer using DNA probes that provide information on both complete and incomplete responses},
  author={Natowicz, Rene and Incitti, Roberto and Horta, Euler Guimar{\~a}es and Charles, Beno{\^\i}t and Guinot, Philippe and Yan, Kai and Coutant, Charles and Andre, Fabrice and Pusztai, Lajos and Rouzier, Roman},
  journal={BMC bioinformatics},
  volume={9},
  number={1},
  pages={1--17},
  year={2008},
  publisher={Springer}
}

@article{tang2021robust,
  title={Robust estimation of sparse precision matrix using adaptive weighted graphical lasso approach},
  author={Tang, Peng and Jiang, Huijing and Kim, Heeyoung and Deng, Xinwei},
  journal={Journal of Nonparametric Statistics},
  pages={1--24},
  year={2021},
  publisher={Taylor \& Francis}
}




@article{baldi2000,
  title={Assessing the accuracy of prediction algorithms for classification: An overview},
  author={Baldi, Pierre and Brunak, Soren and Chauvin, Yves and Andersen, Claus and Nielsen, Henrik},
  journal={Bioinformatics},
  volume={16},
  number={5},
  pages={412--424},
  year={2000},
  publisher={Oxford University Press}
}




@article{kim,
  title={ppcor: An R Package for a Fast Calculation to Semi-partial Correlation Coefficients},
  author={ Kim, S.},
  journal={Commun Stat Appl Methods},
  volume={22},
  number={6},
  pages={665--674},
  year={2015},
  publisher={Seoul : Korean Statistical Society and Korean International Statistical Society}
}




@article{fortunato2010community,
  title={Community detection in graphs},
  author={Fortunato, Santo},
  journal={Physics Reports},
  volume={486},
  number={3-5},
  pages={75--174},
  year={2010},
  publisher={Elsevier}
}

@article{lu2004gene,
  title={Gene regulation and DNA damage in the ageing human brain},
  author={Lu, Tao and Pan, Ying and Kao, Shyan-Yuan and Li, Cheng and Kohane, Isaac and Chan, Jennifer and Yankner, Bruce A},
  journal={Nature},
  volume={429},
  number={6994},
  pages={883--891},
  year={2004},
  publisher={Nature Publishing Group}
}





@article{agostinelli2016composite,
  title={Composite robust estimators for linear mixed models},
  author={Agostinelli, Claudio and Yohai, V{\'\i}ctor },
  journal={Journal of the American Statistical Association},
  volume={111},
  number={516},
  pages={1764--1774},
  year={2016},
  publisher={Taylor \& Francis}
}





@article{leung2017,
  title={Multivariate location and scatter matrix estimation under
cellwise and casewise contamination},
  author={  Leung Andy and Yohai, V{\'\i}ctor and Zamar, Ruben},
  journal={Computational Statistics and Data Analysis},
  volume={111},
   pages={59--76},
  year={2017},
  publisher={Elsevier}
}




@article{raosievers,
  title={A robust partial correlation measure},
  author={ Rao, S. and Sievers, G.},
  journal={Nonparametric Statistics},
  volume={5},
   pages={1--20},
  year={1995},
  publisher={Taylor & Francis}
}






@article{agostinelli2015,
  title={Robust estimation of multivariate location and scatter
in the presence of cellwise and casewise contamination},
  author={Agostinelli, Claudio and Leung Andy and Yohai, V{\'\i}ctor and Zamar, Ruben},
  journal={Test},
  volume={24},
   pages={441--461},
  year={2015}  
}





@article{dempster1972covariance,
  title={Covariance selection},
  author={Dempster, Arthur P},
  journal={Biometrics},
  pages={157--175},
  year={1972},
  publisher={JSTOR}
}

@book{edwards2000introduction,
  title={Introduction to {G}raphical {M}odelling},
  author={Edwards, David},
  year={2000},
  publisher={Springer Science \& Business Media}
}

@article{gnanadesikan1972robust,
  title={Robust estimates, residuals, and outlier detection with multiresponse data},
  author={Gnanadesikan, Ramanathan and Kettenring, John R},
  journal={Biometrics},
  pages={81--124},
  year={1972},
  publisher={JSTOR}
}



@article{hsieh,
  title={ Sparse inverse
covariance matrix estimation using quadratic approximation },
  author={Hsieh, C.J. and Sustik, M.A.  and Dhillon ,I.S.   and Ravikumar P.},
  journal={Advances in Neural Information Processing Systems},
  pages={2330--2338},
  year={2011}
}











@book{lauritzen1996graphical,
  title={Graphical {M}odels},
  author={Lauritzen, Steffen L},
  year={1996},
  publisher={Oxford University Press}
}

@article{ma2001highly,
  title={Highly robust estimation of dispersion matrices},
  author={Ma, Yanyuan and Genton, Marc G},
  journal={Journal of Multivariate Analysis},
  volume={78},
  number={1},
  pages={11--36},
  year={2001},
  publisher={Elsevier}
}

@article{meinshausen2006high,
  title={High-dimensional graphs and variable selection with the lasso},
  author={Meinshausen, Nicolai and B{\"u}hlmann, Peter},
  journal={The Annals of Statistics},
  pages={1436--1462},
  number = {3},
  year={2006},
  volume = {34},
  publisher={JSTOR}
}

@article{peng2009partial,
author = {Jie Peng and Pei Wang and Nengfeng Zhou and Ji Zhu},
title = {Partial Correlation Estimation by Joint Sparse Regression Models},
journal = {Journal of the American Statistical Association},
volume = {104},
number = {486},
pages = {735-746},
year = {2009},
}

@article{tomal2013ensembling,
  title={Ensembling Classification Models Based on Phalanxes of Variables with Applications in Drug Discovery},
  author={Tomal, Jabed H and Welch, William J and Zamar, Ruben H},
  journal={arXiv preprint arXiv:1303.4805},
  year={2013}
}

@article{efron2004least,
  title={Least angle regression},
  author={Efron, Bradley and Hastie, Trevor and Johnstone, Iain and Tibshirani, Robert and others},
  journal={The Annals of statistics},
  volume={32},
  number={2},
  pages={407--499},
  year={2004},
  publisher={Institute of Mathematical Statistics}
}

@article{banerjee2008model,
  title={Model selection through sparse maximum likelihood estimation for multivariate gaussian or    binary data},
  author={Banerjee, Onureena and El Ghaoui, Laurent and d'Aspremont, Alexandre},
  journal={The Journal of Machine Learning Research},
  volume={9},
  pages={485--516},
  year={2008},
  publisher={JMLR. org}
}


@article{friedman2008sparse,
  title={Sparse inverse covariance estimation with the graphical lasso},
  author={Friedman, Jerome and Hastie, Trevor and Tibshirani, Robert},
  journal={Biostatistics},
  volume={9},
  number={3},
  pages={432--441},
  year={2008},
  publisher={Biometrika Trust}
}

@article{rothman2008sparse,
  title={Sparse permutation invariant covariance estimation},
  author={Rothman, Adam J and Bickel, Peter J and Levina, Elizaveta and Zhu, Ji and others},
  journal={Electronic Journal of Statistics},
  volume={2},
  pages={494--515},
  year={2008},
  publisher={Institute of Mathematical Statistics}
}

@article{yuan2007model,
  title={Model selection and estimation in the Gaussian graphical model},
  author={Yuan, Ming and Lin, Yi},
  journal={Biometrika},
  volume={94},
  number={1},
  pages={19--35},
  year={2007},
  publisher={Biometrika Trust}
}

@article{yuan2010high,
  title={High dimensional inverse covariance matrix estimation via linear programming},
  author={Yuan, Ming},
  journal={The Journal of Machine Learning Research},
  volume={11},
  pages={2261--2286},
  year={2010},
  publisher={JMLR. org}
}

@article{lam2009sparsistency,
  title={Sparsistency and rates of convergence in large covariance matrix estimation},
  author={Lam, Clifford and Fan, Jianqing},
  journal={Annals of {S}tatistics},
  volume={37},
  number={6B},
  pages={4254--4278},
  year={2009},
  publisher={NIH Public Access}
}

@article{fan2009network,
  title={Network exploration via the adaptive LASSO and SCAD penalties},
  author={Fan, Jianqing and Feng, Yang and Wu, Yichao},
  journal={The {A}nnals of {A}pplied {S}tatistics},
  volume={3},
  number={2},
  pages={521--541},
  year={2009},
  publisher={NIH Public Access}
  }


@article{cai2011constrained,
  title={A constrained $\ell$1 minimization approach to sparse precision matrix estimation},
  author={Cai, Tony and Liu, Weidong and Luo, Xi},
  journal={Journal of the American Statistical Association},
  volume={106},
  number={494},
  pages={594--607},
  year={2011},
  publisher={Taylor \& Francis}
}

@article{liu2012tiger,
  title={Tiger: A tuning-insensitive approach for optimally estimating gaussian graphical models},
  author={Liu, Han and Wang, Lie},
  journal={arXiv preprint arXiv:1209.2437},
  year={2012}
}

@article{sachs2005causal,
  title={Causal protein-signaling networks derived from multiparameter single-cell data},
  author={Sachs, Karen and Perez, Omar and Pe'er, Dana and Lauffenburger, Douglas A and Nolan, Garry P},
  journal={Science},
  volume={308},
  number={5721},
  pages={523--529},
  year={2005},
  publisher={American Association for the Advancement of Science}
}

@article{karoui2008operator,
author = "El Karoui, Noureddine",
doi = "10.1214/07-AOS559",
fjournal = "The Annals of Statistics",
journal = "The Annals of Statistics",
number = "6",
pages = "2717--2756",
publisher = "The Institute of Mathematical Statistics",
title = "Operator norm consistent estimation of large-dimensional sparse covariance matrices",
url = "http://dx.doi.org/10.1214/07-AOS559",
volume = "36",
year = "2008"
}

@article{ledoit2004well,
  title={A well-conditioned estimator for large-dimensional covariance matrices},
  author={Ledoit, Olivier and Wolf, Michael},
  journal={Journal of {M}ultivariate {A}nalysis},
  volume={88},
  number={2},
  pages={365--411},
  year={2004},
  publisher={Elsevier}
}

@book{weisberg2005applied,
  title={Applied linear regression},
  author={Weisberg, Sanford},
  volume={528},
  year={2005},
  publisher={John Wiley \& Sons}
}

@article{tibshirani1996regression,
  title={Regression shrinkage and selection via the lasso},
  author={Tibshirani, Robert},
  journal={Journal of the Royal Statistical Society. Series B (Methodological)},
  pages={267--288},
  year={1996},
  publisher={JSTOR}
}

@article{hess2006pharmacogenomic,
  title={Pharmacogenomic predictor of sensitivity to preoperative chemotherapy with paclitaxel and    fluorouracil, doxorubicin, and cyclophosphamide in breast cancer},
  author={Hess, Kenneth R and Anderson, Keith and Symmans, W Fraser and Valero, Vicente and Ibrahim, Nuhad and Mejia, Jaime A and Booser, Daniel and Theriault, Richard L and Buzdar, Aman U and Dempsey, Peter J and others},
  journal={Journal of {C}linical {O}ncology},
  volume={24},
  number={26},
  pages={4236--4244},
  year={2006},
  publisher={American Society of Clinical Oncology}
}

@article{chen2008extended,
  title={Extended Bayesian information criteria for model selection with large model spaces},
  author={Chen, Jiahua and Chen, Zehua},
  journal={Biometrika},
  volume={95},
  number={3},
  pages={759--771},
  year={2008},
  publisher={Biometrika Trust}
}

@article{danilov2012robust,
  title={Robust estimation of multivariate location and scatter in the presence of missing data},
  author={Danilov, Mike and Yohai, V{\'\i}ctor J and Zamar, Ruben H},
  journal={Journal of the American Statistical Association},
  volume={107},
  number={499},
  pages={1178--1186},
  year={2012},
  publisher={Taylor \& Francis Group}
}


@article{spira2007airway,
  title={Airway epithelial gene expression in the diagnostic evaluation of smokers with suspect lung cancer},
  author={Spira, Avrum and Beane, Jennifer E and Shah, Vishal and Steiling, Katrina and Liu, Gang and Schembri, Frank and Gilman, Sean and Dumas, Yves-Martine and Calner, Paul and Sebastiani, Paola and others},
  journal={Nature medicine},
  volume={13},
  number={3},
  pages={361--366},
  year={2007},
  publisher={Nature Publishing Group}
}

@article{dahl2008covariance,
  title={Covariance selection for nonchordal graphs via chordal embedding},
  author={Dahl, Joachim and Vandenberghe, Lieven and Roychowdhury, Vwani},
  journal={Optimization Methods \& Software},
  volume={23},
  number={4},
  pages={501--520},
  year={2008},
  publisher={Taylor \& Francis}
}

@article{d2008first,
  title={First-order methods for sparse covariance selection},
  author={d'Aspremont, Alexandre and Banerjee, Onureena and El Ghaoui, Laurent},
  journal={SIAM Journal on Matrix Analysis and Applications},
  volume={30},
  number={1},
  pages={56--66},
  year={2008},
  publisher={SIAM}
}

@article{wermuth1980linear,
  title={Linear recursive equations, covariance selection, and path analysis},
  author={Wermuth, Nanny},
  journal={Journal of the American Statistical Association},
  volume={75},
  number={372},
  pages={963--972},
  year={1980},
  publisher={Taylor \& Francis}
}


@article{gustafson2010airway,
  title={Airway PI3K pathway activation is an early and reversible event in lung cancer development},
  author={Gustafson, Adam M and Soldi, Raffaella and Anderlind, Christina and Scholand, Mary Beth and Qian, Jun and Zhang, Xiaohui and Cooper, Kendal and Walker, Darren and McWilliams, Annette and Liu, Gang and others},
  journal={Science translational medicine},
  volume={2},
  number={26},
  pages={26ra25--26ra25},
  year={2010},
  publisher={American Association for the Advancement of Science}
}

@book{pena2002analisis,
  title={An{\'a}lisis de datos multivariantes},
  author={Pe{\~n}a, Daniel},
  volume={24},
  year={2002},
  publisher={McGraw-Hill Madrid}
}

@article{zhou2011high,
  title={High-dimensional covariance estimation based on Gaussian graphical models},
  author={Zhou, Shuheng and R{\"u}timann, Philipp and Xu, Min and B{\"u}hlmann, Peter},
  journal={The Journal of Machine Learning Research},
  volume={12},
  pages={2975--3026},
  year={2011},
  publisher={JMLR. org}
}

@article{ren2015asymptotic,
  title={Asymptotic normality and optimalities in estimation of large Gaussian graphical models},
  author={Ren, Zhao and Sun, Tingni and Zhang, Cun-Hui and Zhou, Harrison H and others},
  journal={The Annals of Statistics},
  volume={43},
  number={3},
  pages={991--1026},
  year={2015},
  publisher={Institute of Mathematical Statistics}
}

@book{spirtes2000causation,
  title={Causation, prediction, and search},
  author={Spirtes, Peter and Glymour, Clark N and Scheines, Richard},
  year={2000},
  publisher={MIT press}
}

@article{speed1986gaussian,
  title={Gaussian Markov distributions over finite graphs},
  author={Speed, TP and Kiiveri, HT},
  journal={The Annals of Statistics},
  pages={138--150},
  year={1986},
  publisher={JSTOR}
}

@article{pourahmadi2007cholesky,
  title={Cholesky decompositions and estimation of a covariance matrix: orthogonality of variance--correlation parameters},
  author={Pourahmadi, Mohsen},
  journal={Biometrika},
  volume={94},
  number={4},
  pages={1006--1013},
  year={2007},
  publisher={Biometrika Trust}
}

@article{rothman2010new,
  title={A new approach to Cholesky-based covariance regularization in high dimensions},
  author={Rothman, Adam J and Levina, Elizaveta and Zhu, Ji},
  journal={Biometrika},
  number = {3},
  volume = {97},
  pages={539-550},
  year={2010},
  publisher={Biometrika Trust}
}

@article{liang2015equivalent,
  title={An Equivalent Measure of Partial Correlation Coefficients for High-Dimensional Gaussian Graphical Models},
  author={Liang, Faming and Song, Qifan and Qiu, Peihua},
  journal={Journal of the American Statistical Association},
  volume={110},
  number={511},
  pages={1248--1265},
  year={2015},
  publisher={Taylor \& Francis}
}

@article{kalisch2007estimating,
  title={Estimating high-dimensional directed acyclic graphs with the PC-algorithm},
  author={Kalisch, Markus and B{\"u}hlmann, Peter},
  journal={The Journal of Machine Learning Research},
  volume={8},
  pages={613--636},
  year={2007},
  publisher={JMLR. org}
}

@article{bickel2008covariance,
author = "Bickel, Peter J. and Levina, Elizaveta",
doi = "10.1214/08-AOS600",
fjournal = "The Annals of Statistics",
journal = "The Annals of Statistics",
number = "6",
pages = "2577--2604",
publisher = "The Institute of Mathematical Statistics",
title = "Covariance regularization by thresholding",
url = "http://dx.doi.org/10.1214/08-AOS600",
volume = "36",
year = "2008"
}

@article{luo2014sure,
  title={Sure Screening for Gaussian Graphical Models},
  author={Luo, Shikai and Song, Rui and Witten, Daniela},
  journal={arXiv preprint arXiv:1407.7819},
  year={2014}
}

@article{rutimann2009high,
  title={High dimensional sparse covariance estimation via directed acyclic graphs},
  author={R{\"u}timann, Philipp and B{\"u}hlmann, Peter and others},
  journal={Electronic Journal of Statistics},
  volume={3},
  pages={1133--1160},
  year={2009},
  publisher={Institute of Mathematical Statistics}
}

@article{maathuis2009estimating,
  title={Estimating high-dimensional intervention effects from observational data},
  author={Maathuis, Marloes H and Kalisch, Markus and B{\"u}hlmann, Peter and others},
  journal={The Annals of Statistics},
  volume={37},
  number={6A},
  pages={3133--3164},
  year={2009},
  publisher={Institute of Mathematical Statistics}
}

@article{alon1999broad,
  title={Broad patterns of gene expression revealed by clustering analysis of tumor and normal colon tissues probed by oligonucleotide arrays},
  author={Alon, Uri and Barkai, Naama and Notterman, Daniel A and Gish, Kurt and Ybarra, Suzanne and Mack, Daniel and Levine, Arnold J},
  journal={Proceedings of the National Academy of Sciences},
  volume={96},
  number={12},
  pages={6745--6750},
  year={1999},
  publisher={National Acad Sciences}
}

@inproceedings{wang2007hybrid,
  title={Hybrid huberized support vector machines for microarray classification},
  author={Wang, Li and Zhu, Ji and Zou, Hui},
  booktitle={Proceedings of the 24th international conference on Machine learning},
  pages={983--990},
  year={2007},
  organization={ACM}
}

@article{mazumder2012graphical,
  title={The graphical lasso: New insights and alternatives},
  author={Mazumder, Rahul and Hastie, Trevor},
  journal={Electronic Journal of Statistics},
  volume={6},
  pages={2125},
  year={2012},
  publisher={NIH Public Access}
}

@article{bickel2008regularized,
author = "Bickel, Peter J. and Levina, Elizaveta",
doi = "10.1214/009053607000000758",
fjournal = "The Annals of Statistics",
journal = "The Annals of Statistics",
number = "1",
pages = "199--227",
publisher = "The Institute of Mathematical Statistics",
title = "Regularized estimation of large covariance matrices",
url = "http://dx.doi.org/10.1214/009053607000000758",
volume = "36",
year = "2008"
}
}

@book{buhlmann2011statistics,
  title={Statistics for high-dimensional data: methods, theory and applications},
  author={B{\"u}hlmann, Peter and Van De Geer, Sara},
  year={2011},
  publisher={Springer Science \& Business Media}
}

@article{johnson2011high,
  title={High-dimensional sparse inverse covariance estimation using greedy methods},
  author={Johnson, Christopher C and Jalali, Ali and Ravikumar, Pradeep},
  journal={arXiv preprint arXiv:1112.6411},
  year={2011}
}

@article{chaudhuri2007estimation,
  title={Estimation of a covariance matrix with zeros},
  author={Chaudhuri, Sanjay and Drton, Mathias and Richardson, Thomas S},
  journal={Biometrika},
  volume={94},
  number={1},
  pages={199--216},
  year={2007},
  publisher={Biometrika Trust}
}





@Book{ Rencher,
 author    = { Rencher, A.C. and Christensen, W.F.},
  title     = { Methods of Multivariate Analyisis },
  publisher = { John Wiley },
  year      = {2012}
}









@BOOK{johnson,
  author =       {Johnson, R. and Wichern, D.},
  title =        {Applied Multivariate Statistical Analysis},
  publisher =    {Prentice Hall},
  year =         {2013},
  }





@Book{ Rencher,
 author    = { Rencher, A.C. and Christensen, W.F.},
  title     = { Methods of Multivariate Analyisis },
  publisher = { John Wiley },
  year      = {2012}
}




@Book{ hui,
 author    = { Hui, Y.},
  title     = { Fragmentar el futuro: Ensayos sobre tecnodiversidad },
  publisher = { Caja Negra },
  year      = {2020}
}




@article{jopasqui,
  title={El nooscopio de manifiesto},
  author={Joler, V. and  Pasquinelli, M.},
  journal={laFuga},
  pages={1--20},
  year={2021}
}



@Book{ hui,
 author    = { Hui, Y.},
  title     = { Fragmentar el futuro: Ensayos sobre tecnodiversidad },
  publisher = { Caja Negra },
  year      = {2020}
}



@Book{medina,
 author    = { Medina, E.},
  title     = {Revolucionarios cibernéticos: Tecnología y política en el Chile de Salvador Allende},
  publisher = {  LOM Ediciones },
  year      = {2016}
}


 

@Book{parente,
 author    = {Parente, D. and Berti, A. and Celis, C.},
  title     = {Glosario de filosofía de la técnica},
  publisher = {La cebra },
  year      = {2022}
}

 


@Book{stiegler,
 author    = {Stiegler, B.},
  title     = {Bifurcate. There is not alternative},
  publisher = {Open Humanities Press },
  year      = {2021}
}

 


@Book{wiener,
 author    = {Wiener, N.},
  title     = { Cibernética y sociedad},
  publisher = {Sudamericana },
  year      = {1988}
}

 


@article{rodriguez,
  title={Gubernamentalidad algorítmica. Sobre las formas de subjetivación en la sociedad de los metadatos},
  author={Rodríguez, P.},
  journal={Revista Barda},
 volume={4},
  number={6},
  pages={14--35},
  year={2018}
}




@article{buhl1993existence,
  title={On the existence of maximum likelihood estimators for graphical Gaussian models},
  author={Buhl, S{\o}ren L},
  journal={Scandinavian Journal of Statistics},
  pages={263--270},
  year={1993},
  publisher={JSTOR}
}

@incollection{scheinberg2010learning,
  title={Learning sparse Gaussian Markov networks using a greedy coordinate ascent approach},
  author={Scheinberg, Katya and Rish, Irina},
  booktitle={Machine Learning and Knowledge Discovery in Databases},
  pages={196--212},
  year={2010},
  publisher={Springer}
}

@inproceedings{kambadur2013parallel,
  title={A parallel, block greedy method for sparse inverse covariance estimation for ultra-high dimensions},
  author={Kambadur, Prabhanjan and Lozano, Aurelie},
  booktitle={Proceedings of the Sixteenth International Conference on Artificial Intelligence and Statistics},
  pages={351--359},
  year={2013}
}

@article{fan2008sure,
  title={Sure independence screening for ultrahigh dimensional feature space},
  author={Fan, Jianqing and Lv, Jinchi},
  journal={Journal of the Royal Statistical Society: Series B (Statistical Methodology)},
  volume={70},
  number={5},
  pages={849--911},
  year={2008},
  publisher={Wiley Online Library}
}


@article{khan2007robust,
  title={Robust linear model selection based on least angle regression},
  author={Khan, Jafar A and Van Aelst, Stefan and Zamar, Ruben H},
  journal={Journal of the American Statistical Association},
  volume={102},
  number={480},
  pages={1289--1299},
  year={2007},
  publisher={Taylor \& Francis}
}


@Manual{huge,
    title = {huge: High-Dimensional Undirected Graph Estimation},
    author = {Haoming Jiang and Xinyu Fei and Han Liu and Kathryn Roeder and John Lafferty and Larry Wasserman and Xingguo Li and Tuo Zhao},
    year = {2020},
    note = {R package version 1.3.4.1},
    url = {https://CRAN.R-project.org/package=huge},
  }

 
@article{todorov2009objec,
 title={An Object-Oriented Framework for Robust Multivariate Analysis},
 author={Todorov, Valentin and Filzmoser, Peter},
 volume={32},
 doi={10.18637/jss.v032.i03},
 number={3},
 journal={Journal of Statistical Software},
 year={2009},
 pages={1–47}
}



  @Manual{robustHD,
    title = {robustHD: Robust Methods for High-Dimensional Data},
    author = {Andreas Alfons},
    year = {2019},
    note = {R package version 0.6.1},
    url = {https://CRAN.R-project.org/package=robustHD},
  }


  @Manual{matrix,
    title = {Matrix: Sparse and Dense Matrix Classes and Methods},
    author = {Douglas Bates and Martin Maechler},
    year = {2019},
    note = {R package version 1.2-18},
    url = {https://CRAN.R-project.org/package=Matrix},
  }

  @Manual{cellWise,
    title = {cellWise: Analyzing Data with Cellwise Outliers},
    author = {Jakob Raymaekers and Peter Rousseeuw},
    year = {2021},
    note = {R package version 2.2.5},
    url = {https://CRAN.R-project.org/package=cellWise},
  }





@Manual{cellWise,
    title = {cellWise: Analyzing Data with Cellwise Outliers},
    author = {Jakob Raymaekers and Peter Rousseeuw},
    year = {2021},
    note = {R package version 2.2.5},
    url = {https://CRAN.R-project.org/package=cellWise},
  }





@Manual{Tlasso,
    title = {Tlasso: Non-Convex Optimization and Statistical Inference for Sparse
Tensor Graphical Models},
    author = {Will Wei Sun and Zhaoran Wang and Xiang Lyu and Han Liu and Guang Cheng},
    year = {2016},
    note = {R package version 1.0.1},
    url = {https://CRAN.R-project.org/package=Tlasso},
  }



@article{liu2009nonparanormal,
  title={The nonparanormal: Semiparametric estimation of high dimensional undirected graphs},
  author={Liu, Han and Lafferty, John and Wasserman, Larry},
  journal={Journal of Machine Learning Research},
  volume={10},
  number={Oct},
  pages={2295--2328},
  year={2009}
}

@article{liu2012high,
author = "Liu, Han and Han, Fang and Yuan, Ming and Lafferty, John and Wasserman, Larry",
doi = "10.1214/12-AOS1037",
fjournal = "The Annals of Statistics",
journal = "The Annals of Statistics",
number = "4",
pages = "2293--2326",
publisher = "The Institute of Mathematical Statistics",
title = "High-dimensional semiparametric Gaussian copula graphical models",
url = "http://dx.doi.org/10.1214/12-AOS1037",
volume = "40",
year = "2012"
}

@article{xue2012regularized,
  title={Regularized rank-based estimation of high-dimensional nonparanormal graphical models},
  author={Xue, Lingzhou and Zou, Hui and others},
  journal={The Annals of Statistics},
  volume={40},
  number={5},
  pages={2541--2571},
  year={2012},
  publisher={Institute of Mathematical Statistics}
}

@article{khan2007robust,
  title={Robust linear model selection based on least angle regression},
  author={Khan, Jafar A and Van Aelst, Stefan and Zamar, Ruben H},
  journal={Journal of the American Statistical Association},
  volume={102},
  number={480},
  pages={1289--1299},
  year={2007},
  publisher={Taylor \& Francis}
}

@article{sun2012robust,
  title={Robust Gaussian graphical modeling via l1 penalization},
  author={Sun, Hokeun and Li, Hongzhe},
  journal={Biometrics},
  volume={68},
  number={4},
  pages={1197--1206},
  year={2012},
  publisher={Wiley Online Library}
}

@article{finegold2011robust,
  title={Robust graphical modeling of gene networks using classical and alternative t-distributions},
  author={Finegold, Michael and Drton, Mathias},
  journal={The Annals of Applied Statistics},
  pages={1057--1080},
  year={2011},
  publisher={JSTOR}
}

@book{huber2011robust,
  title={Robust {S}tatistics},
  author={Huber, Peter J},
  year={2011},
  publisher={Springer}
}

@article{alqallaf2009propagation,
  title = {Propagation of Outliers in Multivariate Data},
  author = {Fatemah Alqallaf and Stefan Van Aelst and Victor J. Yohai and Ruben H. Zamar},
  journal = {The Annals of Statistics},
  number = {1},
  pages = {311-331},
  publisher = {Institute of Mathematical Statistics},
  volume = {37},
  year = {2009}
}

 



@article{alqallaf2002,
  title = {Scalable Robust Covariance and Correlation Estimates for Data Mining},
  author = {Fatemah Alqallaf and Kjell Konis and Douglas Martin and Ruben H. Zamar},
  journal = {Proceedings of the Seventh ACM SIGKDD International Conference on Knowledge Discovery and Data Mining, Edmonton, Alberta},
  pages = {14-23},
  year = {2002}
}

 


@article{donoho2017,
  title={   50 Years of Data Science   },
  author={Donoho, David},
  journal={   Journal of Computational and Graphical Statistics },
  volume={26},
  pages={745--763},
  year={2017},
  publisher={Taylor and Francis}
}





@article{donoho2000,
  title={   High-Dimensional Data Analysis: The Curses and Blessings of Dimensionality,  },
  author={Donoho, David},
  journal={   AMS Lectures },
   year={2000},
}







@article{yohai1979asymptotic,
  title={Asymptotic behavior of {M}-estimators for the linear model},
  author={Yohai, Victor J and Maronna, Ricardo A},
  journal={The Annals of Statistics},
  pages={258--268},
  year={1979},
  publisher={JSTOR}
}


@inproceedings{alqallaf2002scalable,
  title={Scalable robust covariance and correlation estimates for data mining},
  author={Alqallaf, Fatemah A and Konis, Kjell P and Martin, R Douglas and Zamar, Ruben H},
  booktitle={Proceedings of the eighth ACM SIGKDD international conference on Knowledge discovery and data mining},
  pages={14--23},
  year={2002},
  organization={ACM}
}

@article{tukey1962future,
  title={The future of data analysis},
  author={Tukey, John W},
  journal={The Annals of Mathematical Statistics},
  volume={33},
  number={1},
  pages={1--67},
  year={1962},
  publisher={JSTOR}
}

@article{huber1964robust,
  title={Robust estimation of a location parameter},
  author={Huber, Peter J and others},
  journal={The Annals of Mathematical Statistics},
  volume={35},
  number={1},
  pages={73--101},
  year={1964},
  publisher={Institute of Mathematical Statistics}
}

@article{maronna1976,
author = "Maronna, Ricardo Antonio",
doi = "10.1214/aos/1176343347",
fjournal = "The Annals of Statistics",
journal = "The Annals of Statistics",
month = "01",
number = "1",
pages = "51--67",
publisher = "The Institute of Mathematical Statistics",
title = "Robust $M$-Estimators of Multivariate Location and Scatter",
url = "http://dx.doi.org/10.1214/aos/1176343347",
volume = "4",
year = "1976"
}

@article{davies1987asymptotic,
  title={Asymptotic behaviour of S-estimates of multivariate location parameters and dispersion matrices},
  author={Davies, P Laurie},
  journal={The Annals of Statistics},
  pages={1269--1292},
  year={1987},
  publisher={JSTOR}
}

@article{rousseeuw1984least,
  title={Least {M}edian of {S}quares {R}egression},
  author={Rousseeuw, Peter J},
  journal={Journal of the American statistical association},
  volume={79},
  number={388},
  pages={871--880},
  year={1984},
  publisher={Taylor \& Francis}
}

@article{rousseeuw1985multivariate,
  title={Multivariate estimation with high breakdown point},
  author={Rousseeuw, Peter J},
  journal={Mathematical Statistics and Applications},
  volume={8},
  pages={283--297},
  year={1985}
}

@article{fan2008sure,
  title={Sure independence screening for ultrahigh dimensional feature space},
  author={Fan, Jianqing and Lv, Jinchi},
  journal={Journal of the Royal Statistical Society: Series B (Statistical Methodology)},
  volume={70},
  number={5},
  pages={849--911},
  year={2008},
  publisher={Wiley Online Library}
}

@article{ravikumar2011high,
  title={High-dimensional covariance estimation by minimizing ℓ1-penalized log-determinant divergence},
  author={Ravikumar, Pradeep and Wainwright, Martin J and Raskutti, Garvesh and Yu, Bin and others},
  journal={Electronic Journal of Statistics},
  volume={5},
  pages={935--980},
  year={2011},
  publisher={The Institute of Mathematical Statistics and the Bernoulli Society}
}

@article{xue2012regularized,
  title={Regularized rank-based estimation of high-dimensional nonparanormal graphical models},
  author={Xue, Lingzhou and Zou, Hui and others},
  journal={The Annals of Statistics},
  volume={40},
  number={5},
  pages={2541--2571},
  year={2012},
  publisher={Institute of Mathematical Statistics}
}

@article{hoeffding1963probability,
  title={Probability inequalities for sums of bounded random variables},
  author={Hoeffding, Wassily},
  journal={Journal of the American statistical association},
  volume={58},
  number={301},
  pages={13--30},
  year={1963},
  publisher={Taylor \& Francis Group}
}



@article{liu2009nonparanormal,
  title={The nonparanormal: Semiparametric estimation of high dimensional undirected graphs},
  author={Liu, Han and Lafferty, John and Wasserman, Larry},
  journal={Journal of Machine Learning Research},
  volume={10},
  number={Oct},
  pages={2295--2328},
  year={2009}
}




@phdthesis{khan2006robust,
  title={Robust {L}inear {M}odel {S}election for {H}igh-dimensional {D}atasets},
  author={Khan, Md Jafar Ahmed},
  year={2006},
  school={University of British Columbia}
}


 





@article{higham,
  title={ Computing the nearest correlation matrix - a problem from finance },
  author={Higham, N.},
  journal={Journal of Numerical Analysis},
  volume={22},
  pages={329---343},
  year={2002}
}







@article{maronnazamar,
  title={ Robust estimates of location and dispersion for high-dimensional datasets },
  author={Maronna, Ricardo and Zamar, Ruben},
  journal={Journal of Machine Learning Research},
  volume={44},
  pages={307--317},
  year={2002}
}



@article{rouscroux,
  title={ Alternatives to the Median Absolute Deviation },
  author={Rousseeuw, Peter and Croux, Christophe},
  journal={Journal of the American Statistical Association},
  volume={88},
  pages={1273--1283},
  year={1993}
}











@book{maronnaetal,  
title={Robust Statistics},  
author={Maronna, Ricardo A. and Martin Douglas, R. and  Yohai, Victor and Salibian-Barrera, M. },  
series={Wiley Series in Probability and Statistics},  
year={2019},
 publisher={Wiley}
}




@Manual{zhao,
    title = {huge: High-Dimensional Undirected Graph Estimation},
    author = {Haoming Jiang and Xinyu Fei and Han Liu and Kathryn Roeder and John Lafferty and Larry Wasserman and Xingguo Li and Tuo Zhao},
    year = {2021},
    note = {R package version 1.3.5}
  }


  





@article{maronna1976,
author = "Maronna, Ricardo Antonio",
doi = "10.1214/aos/1176343347",
fjournal = "The Annals of Statistics",
journal = "Ann. Statist.",
month = "01",
number = "1",
pages = "51--67",
publisher = "The Institute of Mathematical Statistics",
title = "Robust $M$-Estimators of Multivariate Location and Scatter",
url = "http://dx.doi.org/10.1214/aos/1176343347",
volume = "4",
year = "1976"
}

@book{kendall1990rank,  
title={Rank correlation methods},  
author={Kendall, M.G. and Gibbons, J.D.},  
lccn={gb89045725},
series={A Charles Griffin Book},  
year={1990},
 publisher={E. Arnold}
}


@article{kruskal1958ordinal,
  title={Ordinal measures of association},
  author={Kruskal, William H},
  journal={Journal of the American Statistical Association},
  volume={53},
  number={284},
  pages={814--861},
  year={1958},
  publisher={Taylor \& Francis Group}
}

@article{alon1999broad,
  title={Broad patterns of gene expression revealed by clustering analysis of tumor and normal colon tissues probed by oligonucleotide arrays},
  author={Alon, Uri and Barkai, Naama and Notterman, Daniel A and Gish, Kurt and Ybarra, Suzanne and Mack, Daniel and Levine, Arnold J},
  journal={Proceedings of the National Academy of Sciences},
  volume={96},
  number={12},
  pages={6745--6750},
  year={1999},
  publisher={National Acad Sciences}
}

@article{dudoit2002comparison,
  title={Comparison of discrimination methods for the classification of tumors using gene expression data},
  author={Dudoit, Sandrine and Fridlyand, Jane and Speed, Terence P},
  journal={Journal of the American statistical association},
  volume={97},
  number={457},
  pages={77--87},
  year={2002},
  publisher={Taylor \& Francis}
}

@article{daye2012high,
  title={High-Dimensional Heteroscedastic Regression with an Application to e{QTL} Data Analysis},
  author={Daye, Z John and Chen, Jinbo and Li, Hongzhe},
  journal={Biometrics},
  volume={68},
  number={1},
  pages={316--326},
  year={2012},
  publisher={Wiley Online Library}
}

@article{wu2007statistical,
  title={A statistical framework for the analysis of microarray probe-level data},
  author={Wu, Zhijin and Irizarry, Rafael A},
  journal={The Annals of Applied Statistics},
  pages={333--357},
  year={2007},
  volume = {1},
  number = {2},
  publisher={JSTOR}
}

@article{wang2007tuning,
  title={Tuning parameter selectors for the smoothly clipped absolute deviation method},
  author={Wang, Hansheng and Li, Runze and Tsai, Chih-Ling},
  journal={Biometrika},
  volume={94},
  number={3},
  pages={553--568},
  year={2007},
  publisher={Biometrika Trust}
}

@article{golub1999molecular,
  title={Molecular classification of cancer: class discovery and class prediction by gene expression monitoring},
  author={Golub, Todd R and Slonim, Donna K and Tamayo, Pablo and Huard, Christine and Gaasenbeek, Michelle and Mesirov, Jill P and Coller, Hilary and Loh, Mignon L and Downing, James R and Caligiuri, Mark A and others},
  journal={{S}cience},
  volume={286},
  number={5439},
  pages={531--537},
  year={1999},
  publisher={American Association for the Advancement of Science}
}

@article{witten2011new,
  title={New insights and faster computations for the graphical lasso},
  author={Witten, Daniela M and Friedman, Jerome H and Simon, Noah},
  journal={Journal of Computational and Graphical Statistics},
  volume={20},
  number={4},
  pages={892--900},
  year={2011},
  publisher={Taylor \& Francis}
}

@article{mazumder2012graphical,
  title={The graphical lasso: New insights and alternatives},
  author={Mazumder, Rahul and Hastie, Trevor},
  journal={Electronic {J}ournal of {S}tatistics},
  volume={6},
  pages={2125--2149},
  year={2012},
  publisher={NIH Public Access}
}

@article{lopuhaa1999asymptotics,
  title={Asymptotics of reweighted estimators of multivariate location and scatter},
  author={Lopuha\"a, Hendrik P},
  journal={Annals of Statistics},
  pages={1638--1665},
  volume={27},
  number={5},
  year={1999},
  publisher={The Institute of Mathematical Statistics}
}

@article{cerioli2010multivariate,
  title={Multivariate outlier detection with high-breakdown estimators},
  author={Cerioli, Andrea},
  journal={Journal of the American Statistical Association},
  volume={105},
  number={489},
  pages={147--156},
  year={2010},
  publisher={Taylor \& Francis}
}

@article{yuan2010high,
  title={High dimensional inverse covariance matrix estimation via linear programming},
  author={Yuan, Ming},
  journal={Journal of Machine Learning Research},
  volume={11},
  number={Aug},
  pages={2261--2286},
  year={2010}
}

@inproceedings{ravikumar2008model,
  title={Model Selection in Gaussian Graphical Models: High-Dimensional Consistency of l1-regularized {MLE}.},
  author={Ravikumar, Pradeep and Raskutti, Garvesh and Wainwright, Martin J and Yu, Bin},
  booktitle={NIPS},
  pages={1329--1336},
  year={2008}
}

@article{troyanskaya2001missing,
  title={Missing value estimation methods for {DNA} microarrays},
  author={Troyanskaya, Olga and Cantor, Michael and Sherlock, Gavin and Brown, Pat and Hastie, Trevor and Tibshirani, Robert and Botstein, David and Altman, Russ B},
  journal={Bioinformatics},
  volume={17},
  number={6},
  pages={520--525},
  year={2001},
  publisher={Oxford Univ Press}
}

@article{rousseeuw1985multivariate,
  title={Multivariate estimation with high breakdown point},
  author={Rousseeuw, Peter J},
  journal={Mathematical statistics and applications},
  volume={8},
  pages={283--297},
  year={1985}
}



@article{tarr2016robust,
  title={Robust estimation of precision matrices under cellwise contamination},
  author={Tarr, Garth and M{\"u}ller, Samuel and Weber, Neville C},
  journal={Computational Statistics \& Data Analysis},
  volume={93},
  pages={404--420},
  year={2016},
  publisher={Elsevier}
} 

@article{loh2015high,
  title={High-dimensional robust precision matrix estimation: Cellwise corruption under epsilon-contamination},
  author={Loh, Po-Ling and Tan, Xin Lu},
  journal={arXiv preprint arXiv:1509.07229},
  year={2015}
}

@book{stahel1981breakdown,
  title={Breakdown of Covariance Estimators},
  author={Stahel, Werner A},
  year={1981},
  publisher={Fachgruppe f{\"u}r Statistik, Eidgen{\"o}ssische Techn. Hochsch.}
}

@book{stahel1981breakdown,
  title={Breakdown of covariance estimators},
  author={Stahel, Werner A},
  year={1981},
  publisher={Fachgruppe f{\"u}r Statistik, Eidgen{\"o}ssische Techn. Hochsch.}
}

@article{rousseeuw1984least,
  title={Least Median of Squares Regression},
  author={ROUSSEEUW, PETER J},
  journal={Journal of the American Statistical Association},
  year={1984}
}

@techreport{donoho1982breakdown,
  title={Breakdown properties of multivariate location estimators},
  author={Donoho, David L},
  year={1982},
  institution={Technical report, Harvard University, Boston. URL http://www-stat. stanford. edu/\~{} donoho/Reports/Oldies/BPMLE. pdf}
}









@article{Jafararticle,
  title={   Robust Linear Model Selection Based on Least Angle Regression   },
  author={ Khan, J. and Van Aelst, S. and Zamar, R.},
  journal={  Journal of the American Statistical Association },
  volume={102},
  pages={1289--1299},
  year={2007},
  publisher={Taylor and Francis}
}


@book{mysql,
author = {Widenius, Michael and Axmark, Davis and DuBois, Paul},
title = {Mysql Reference Manual},
year = {2002},
isbn = {0596002653},
publisher = {O'Reilly \& Associates, Inc.},
address = {USA},
edition = {1st}
}



@Book{Everitt,
  title     = {Applied Multivariate Data Analysis},
  publisher = {Wiley},
  year      = {2001},
  author    = {Everitt, B. S. and Everitt, D. B. C. B. S. and Dunn, G.},
}



@Book{Hair,
  title         = {Análisis multivariante},
  publisher     = {Pearson Educación},
  year          = {1999},
  author        = {Hair, J. F. and Prentice, E. and Cano, D.},
  series        = {Fuera de colección Out of series},
 }




@Book{Jimenez2005,
  author        = {Jiménez, E. U. and Manzano, J. A.},
  title         = {Análisis multivariante aplicado: aplicaciones al marketing, investigación de mercados, economía, dirección de empresas y turismo},
  publisher     = {Thomson},
  year          = {2005},
 }










@BOOK{anderson,
  author =       {Anderson, T.},
  title =        {An Introduction to Multivariate Statistical Analysis},
  publisher =    {Wiley},
  year =         {2003},
  }






@article{donoho2000,
  title={   High-Dimensional Data Analysis: The Curses and Blessings of Dimensionality },
  author={Donoho, David},
  journal={ AMS Math Challenges Lecture },
 
}




@article{liu2003robust,
  title={Robust singular value decomposition analysis of microarray data},
  author={Liu, Li and Hawkins, Douglas M and Ghosh, Sujoy and Young, S Stanley},
  journal={Proceedings of the National Academy of Sciences},
  volume={100},
  number={23},
  pages={13167--13172},
  year={2003},
  publisher={National Acad Sciences}
}





@article{wille2004sparse,
  title={Sparse graphical Gaussian modeling of the isoprenoid gene network in Arabidopsis thaliana},
  author={Wille, Anja and Zimmermann, Philip and Vranov{\'a}, Eva and F{\"u}rholz, Andreas and Laule, Oliver and Bleuler, Stefan and Hennig, Lars and Preli{\'c}, Amela and von Rohr, Peter and Thiele, Lothar and others},
  journal={Genome biology},
  volume={5},
  number={11},
  pages={R92},
  year={2004},
  publisher={BioMed Central}
}









@book{richards2022remote,
  title={Remote sensing digital image analysis},
  author={Richards, John A},
  volume={5},
  year={2022},
  publisher={Springer}
}

@book{puebla1994sig,
  title={SIG: sistemas de informaci{\'o}n geogr{\'a}fica},
  author={Puebla, Javier Guti{\'e}rrez and Gould, Michael},
  year={1994},
  publisher={S{\'\i}ntesis}
}

@book{de2007remote,
  title={Remote sensing image analysis: including the spatial domain},
  author={De Jong, Steven M and Van der Meer, Freek D},
  volume={5},
  year={2007},
  publisher={Springer Science \& Business Media}
}

@book{chen2007signal,
  title={Signal and image processing for remote sensing},
  author={Chen, Chi-hau and others},
  year={2007},
  publisher={CRC/Taylor \& Francis}
}

@book{pinoli2014mathematical,
  title={Mathematical Foundations of Image Processing and Analysis, Volume 1},
  author={Pinoli, Jean-Charles},
  volume={2},
  year={2014},
  publisher={John Wiley \& Sons}
}

@book{westra2015python,
  title={Python Geospatial Analysis Essentials},
  author={Westra, Erik},
  year={2015},
  publisher={Packt Publishing Ltd}
}

@book{lawhead2015learning,
  title={Learning geospatial analysis with Python},
  author={Lawhead, Joel},
  year={2015},
  publisher={Packt Publishing Ltd}
}

@book{lawhead2019learning,
  title={Learning Geospatial Analysis with Python: Understand GIS fundamentals and perform remote sensing data analysis using Python 3.7},
  author={Lawhead, Joel},
  year={2019},
  publisher={Packt Publishing Ltd}
}

@misc{UNSAM2021,
  author = {Grimson, Rafael and Filevich, Oscar and Esteban, Federico},
  title = {Programación en Python},
  year = {2021},
  publisher = {GitHub},
  journal = {GitHub repository}
}







































@book{bernardo2009bayesian,
  title={Bayesian theory},
  author={Bernardo, Jos{\'e} M and Smith, Adrian FM},
  volume={405},
  year={2009},
  publisher={John Wiley \& Sons}
}




@book{christensen2010bayesian,
  title={Bayesian ideas and data analysis: an introduction for scientists and statisticians},
  author={Christensen, Ronald and Johnson, Wesley and Branscum, Adam and Hanson, Timothy E},
  year={2010},
  publisher={CRC press}
}



@book{congdon2007bayesian,
  title={Bayesian statistical modelling},
  author={Congdon, Peter},
  year={2007},
  publisher={John Wiley \& Sons}
}




@book{gelman1995bayesian,
  title={Bayesian data analysis},
  author={Gelman, Andrew and Carlin, John B and Stern, Hal S and Rubin, Donald B},
  year={1995},
  publisher={Chapman and Hall/CRC}
}




@book{hoff2009first,
  title={A first course in Bayesian statistical methods},
  author={Hoff, Peter D},
  volume={580},
  year={2009},
  publisher={Springer}
}




@book{ntzoufras2011bayesian,
  title={Bayesian modeling using WinBUGS},
  author={Ntzoufras, Ioannis},
  volume={698},
  year={2011},
  publisher={John Wiley \& Sons}
}




@book{robert2007bayesian,
  title={The Bayesian choice: from decision-theoretic foundations to computational implementation},
  author={Robert, Christian P and others},
  volume={2},
  year={2007},
  publisher={Springer}
}




@book{barber2012bayesian,
  title={Bayesian reasoning and machine learning},
  author={Barber, David},
  year={2012},
  publisher={Cambridge University Press}
}




@article{kruschke2014doing,
  title={Doing Bayesian data analysis: A tutorial with R, JAGS, and Stan},
  author={Kruschke, John},
  year={2014},
  publisher={Academic Press}
}


 

